<?xml version="1.0" encoding="UTF-8"?><collection xmlns="http://www.loc.gov/MARC21/slim"><record><leader>00512nam--2200181-i-4500</leader><controlfield tag="001">000033495</controlfield><controlfield tag="002">20161230</controlfield><controlfield tag="005">20161230201039</controlfield><controlfield tag="008">060222s1000------------r-----000-0-ger-d</controlfield><datafield ind1=" " ind2=" " tag="040"><subfield code="a">IFIN-HH</subfield></datafield><datafield ind1=" " ind2=" " tag="041"><subfield code="a">ger</subfield></datafield><datafield ind1=" " ind2=" " tag="080"><subfield code="a">537.56(043)</subfield></datafield><datafield ind1="1" ind2=" " tag="100"><subfield code="a">Meyer, Erich</subfield></datafield><datafield ind1="1" ind2="0" tag="245"><subfield code="a">Elektronenauslosung surch langsame ionen und neutralteilchen im gas und an oberflachen</subfield><subfield code="b">Dissertation</subfield><subfield code="c">Erich meyer</subfield></datafield><datafield ind1=" " ind2=" " tag="260"><subfield code="a">Wurzburg</subfield><subfield code="b">Universitat</subfield><subfield code="c">1962</subfield></datafield><datafield ind1=" " ind2=" " tag="300"><subfield code="a">50P</subfield></datafield><datafield ind1=" " ind2=" " tag="852"><subfield code="a">77019</subfield><subfield code="c">537.52</subfield></datafield><datafield ind1=" " ind2=" " tag="CAT"><subfield code="a">Sys</subfield><subfield code="c">20110804</subfield><subfield code="h">162431</subfield></datafield></record></collection>